3900 5272
782 195 1033 268 ..lb-

91 405 142 492 (gl.
167 406 271 473 addit:
294 408 456 492 numerus)
479 406 539 473 iste
561 407 703 472 colorum
725 405 832 473 Verba
852 408 972 472 colorat
994 429 1032 473 ea
1054 408 1220 494 gravitate
1245 407 1330 493 quod
1361 411 1408 472 est
1434 408 1538 474 alieno
1560 407 1635 474 Non
1657 429 1732 494 pro-

92 521 155 605 prio
176 544 236 587 vox
258 526 384 608 sumpta
405 523 508 587 modo.
533 544 634 608 genus
663 523 809 588 omnibus
831 545 931 587 uuum
953 521 1080 589 Scilicet
1100 523 1292 608 improprius
1314 545 1427 588 vocum
1449 527 1562 591 status.
1587 526 1621 588 et
1642 544 1732 609 pere·

96 636 181 721 grino
202 635 347 723 Sumptio
369 639 536 703 verborum
560 660 599 703 ne
621 637 756 703 forsitan
778 638 895 704 hesitet
917 639 990 705 inde
1005 638 1095 703 Mens
1116 638 1246 703 incerta.
1270 639 1365 703 fidem
1387 639 1507 704 faciant
1522 639 1666 724 exempla
1679 661 1728 704 se·

100 756 169 819 cute.
191 752 327 819 Prodest
348 754 384 818 iu
406 754 544 819 medium
566 754 640 819 talis
662 754 830 819 sententia
852 755 1008 840 languens
1031 753 1172 819 Affectat
1194 754 1358 818 medicum.
1383 753 1519 838 lugneus
1542 749 1613 839 (sic)
1648 754 1731 820 sola-

11 904 14 909 ·
102 891 169 934 men.
191 890 308 954 egsum
332 867 523 938 Subsidium.
548 869 659 935 melius
680 870 797 935 florent
811 869 872 936 hoc
893 873 1029 935 ommate
1051 870 1146 935 verba
1169 868 1320 954 Languor
1343 873 1415 954 eget
1429 869 1558 935 medico.
1581 869 1733 935 solamine

106 983 198 1049 lucus.
221 988 345 1071 egestas
369 982 523 1050 Subsidio.
545 985 650 1051 verbis
672 984 722 1050 his
745 991 792 1050 est
814 985 926 1050 innata
948 986 1094 1070 voluptas
1115 984 1161 1049 Et
1182 985 1272 1049 iuvat
1293 983 1428 1048 informe
1457 983 1526 1069 (sic)
1550 989 1736 1064 concretum¹

112 1103 206 1165 vertere
228 1100 387 1185 languens
403 1099 443 1164 Iu
458 1099 603 1185 languor.
628 1100 741 1186 lugens
764 1101 799 1165 in
813 1101 919 1166 luctus
934 1122 1030 1186 egens
1054 1100 1089 1164 in
1112 1105 1255 1186 egestas'.
1284 1097 1442 1165 Sermonis
1457 1100 1616 1185 elegantia
1629 1101 1733 1185 magis

112 1215 220 1281 decebit
233 1215 269 1280 in
292 1215 422 1280 alterius
445 1215 602 1301 plagellae
624 1215 767 1300 exemplo
789 1216 866 1282 hoc:
892 1216 1057 1302 ‘Tempore
1080 1237 1251 1281 successus.
1274 1215 1401 1280 iocundi
1415 1218 1557 1300 tempore
1580 1215 1640 1280 fati
1662 1213 1733 1281 Hoc

111 1333 179 1413 poter
198 1352 251 1396 ore
274 1330 372 1415 loqui.
395 1331 499 1396 luctus
514 1352 668 1417 praesaga
684 1331 784 1396 futuri
798 1331 926 1418 Anglia.
948 1353 1118 1418 regnorum
1140 1331 1260 1417 regina.
1283 1331 1451 1416 superstite
1473 1352 1547 1417 rege
1562 1329 1730 1396 Richardo.

112 1446 148 1508 cui
165 1468 216 1530 par
238 1449 346 1511 exstat
368 1446 497 1511 diffusio
519 1447 604 1511 tanti
624 1446 779 1512 Nominis.
805 1452 837 1511 et
858 1448 969 1512 mnndi
990 1448 1042 1512 cni
1066 1448 1239 1512 monarcha
1258 1443 1317 1533 (sic
1339 1468 1398 1532 pro
1421 1445 1658 1529 ‘monarchia'tl
1680 1468 1731 1511 re·

110 1559 168 1625 licta
184 1562 241 1627 usu
263 1562 333 1626 soli.
357 1583 465 1626 secura
487 1562 574 1626 sedes
597 1563 656 1626 sub
679 1563 797 1648 remige
820 1567 912 1627 tanto
934 1562 1003 1629 Rex
1024 1567 1098 1628 tuus
1120 1567 1169 1630 est
1191 1563 1362 1649 speculum.
1395 1584 1459 1647 quo
1488 1567 1521 1627 te
1549 1563 1732 1647 speculante

111 1678 227 1761 superbis
251 1675 344 1742 Sidus
366 1678 404 1742 de
427 1677 515 1742 cuiue
539 1677 651 1742 rutilas
673 1677 850 1763 splendore.
888 1680 1056 1764 columpna
1077 1679 1138 1744 Per
1160 1702 1254 1764 quern
1282 1679 1366 1744 fulta
1387 1679 1484 1765 viges.
1504 1677 1625 1742 fulmen
1648 1678 1733 1761 quod

112 1790 189 1855 uitiis
210 1793 245 1856 in
268 1793 375 1858 hostes
398 1792 483 1858 Laus
506 1815 570 1877 qua
592 1815 674 1878 pene
697 1794 790 1859 deum
813 1795 969 1880 pertingis
990 1795 1111 1880 sydera
1136 1795 1280 1859 claudam
1297 1792 1438 1881 Singula
1462 1816 1528 1859 non
1550 1794 1605 1859 illo
1627 1793 1733 1878 potuit

110 1904 194 1973 fuisse
222 1909 361 1994 priorem
384 1907 459 1973 Nou
491 1909 592 1975 voluit
615 1913 733 1975 natura
756 1933 873 1996 parem.
903 1910 958 1975 sed
980 1909 1100 1974 viribus
1132 1910 1213 1974 absit
1228 1909 1360 1976 Prorsus
1382 1910 1499 1974 habere
1521 1909 1625 1974 fidem.
1648 1930 1732 1973 mors

110 2025 229 2108 estquae
251 2024 349 2089 fortia
369 2024 494 2110 frangit
509 2022 676 2091 Ominibus
699 2049 740 2091 ne
763 2005 852 2091 crede
875 2025 949 2091 tuis.
975 2025 1002 2091 si
1023 2029 1166 2110 tempore
1189 2047 1285 2110 parvo
1308 2025 1445 2090 Illuxere
1467 2025 1537 2091 tibi.
1561 2047 1635 2089 mox
1657 2029 1733 2091 sunt

110 2135 229 2205 ulamma
250 2162 396 2206 serenum
418 2139 537 2205 Nubila
559 2142 630 2206 feta
652 2141 743 2207 diem.
774 2142 953 2226 ducantque
983 2142 1164 2228 crepuscula
1195 2146 1330 2210 noctem.
1376 2141 1446 2206 Iam
1479 2140 1544 2206 cito
1565 2144 1732 2225 rumpetur

111 2255 256 2336 turdum.
282 2256 456 2341 speculatio
480 2257 569 2322 curius
591 2255 701 2323 Gloria
721 2262 813 2324 tanta
838 2257 908 2326 tibi.
940 2257 1026 2322 sidus
1053 2258 1194 2343 patietur
1216 2258 1358 2342 eclipsim
1380 2256 1412 2322 A
1445 2278 1509 2342 quo
1541 2256 1588 2322 sic
1617 2256 1728 2341 fulges.

111 2371 211 2437 ambit
230 2375 328 2457 rupta
348 2374 516 2459 columpna
537 2372 630 2438 Unde
651 2373 754 2438 trahis
776 2374 869 2440 vires.
894 2374 1029 2439 cessabit
1050 2373 1193 2439 fulminis
1215 2374 1296 2438 ictus
1304 2371 1396 2438 Unde
1419 2373 1535 2438 timent
1556 2371 1671 2437 hostes.
1697 2376 1731 2437 et

106 2483 154 2548 eru
172 2487 205 2553 de
225 2487 371 2574 principe
393 2512 485 2556 serva
507 2487 624 2554 Omnia
645 2490 712 2555 leta
734 2489 804 2554 vale
831 2489 891 2555 tibi
913 2493 989 2554 sunt
1011 2489 1144 2559 dictura.
1189 2489 1335 2574 quiescis.
1360 2486 1502 2554 Sudabis.
1532 2488 1616 2554 rides
1630 2488 1728 2553 flebis.

101 2599 209 2670 ditescis
232 2604 352 2690 egebis..
371 2604 480 2670 Flores
498 2605 661 2672 marcebis.
686 2627 728 2671 es.
753 2605 806 2670 vix
828 2605 908 2671 eris'.

190 2718 313 2784 XVI¹¹²¹¹⁸
334 2720 505 2786 fasciculus
528 2720 750 2806 complectitur
782 2719 817 2804 α)
840 2721 904 2786 duo
925 2723 1002 2788 folia
1025 2723 1227 2787 membranas
1249 2722 1316 2786 alta
1348 2721 1443 2805 paulo
1476 2721 1547 2805 plus
1570 2720 1610 2784 21
1635 2741 1661 2787 c.
1684 2740 1728 2803 p.‚
1759 2743 1884 2786 acaunus

93 2831 155 2898 lata
174 2833 238 2900 fere
261 2837 312 2901 17.
336 2836 486 2902 Eiusdem
508 2841 678 2920 utrumque
700 2836 775 2900 libri
796 2836 894 2904 fuisse
918 2840 1050 2918 videtur,
1085 2861 1280 2924 quamquam
1303 2837 1382 2902 illud
1405 2837 1486 2902 artis
1501 2834 1729 2923 grammaticae
1739 2814 1904 2936 ,23:1⁶2ss

92 2953 123 3014 et
141 2950 311 3018 rhetorices
332 2953 472 3032 nomina,
496 2975 577 3037 quae
605 2957 760 3018 vocantur
782 2953 1015 3035 technicorum,
1050 2955 1204 3040 explicat,
1240 2955 1301 3019 hoc
1331 2956 1517 3019 accentuum
1551 2951 1728 3017 docuinam
1741 2957 1892 3070 mm

91 3066 191 3134 tradit.
215 3065 412 3153 Scripturam
433 3068 606 3153 utriusque,
630 3069 670 3133 ab
686 3068 796 3133 eadem
817 3091 916 3134 manu
930 3070 1076 3136 videlicet
1090 3074 1263 3151 exaratam,
1287 3070 1326 3135 ad
1349 3070 1510 3134 saeculum
1533 3067 1611 3132 XIV
1624 3067 1729 3132 exiens
1742 3098 1901 3150 numm.

90 3181 298 3249 siveadXV¹²¹¹
305 3184 433 3250 initium
445 3184 631 3252 rettulerim.
648 3184 767 3250 Prioris
775 3186 954 3270 exemplum
964 3185 1026 3250 hoc
1036 3185 1095 3251 sit:
1115 3185 1257 3251 ‘Grauius
1268 3185 1345 3250 hinc
1357 3185 1454 3250 ainon
1466 3205 1582 3248 nomen
1592 3183 1728 3247 traxisse
1741 3170 1901 3282 lffizdffffi

87 3301 235 3381 putamus
248 3297 405 3366 Obscurus
419 3322 522 3366 sermo
534 3301 625 3384 quasi
636 3300 799 3377 mirandus
809 3301 854 3366 sit
873 3300 1001 3386 enigma
1011 3299 1140 3365 Patrem
1157 3301 1325 3387 progenies
1338 3301 1452 3365 occidit
1467 3299 1583 3365 matris
1603 3299 1638 3363 in
1658 3297 1728 3362 alvo
1749 3312 1888 3354 acutianum

86 3411 219 3489 Quando
228 3419 332 3482 mater
347 3417 459 3503 genuit
467 3415 631 3502 generavit
638 3416 706 3481 filia
716 3421 852 3481 matrem
867 3416 969 3492 Quam
980 3424 1083 3482 mater
1093 3417 1213 3503 genuit,
1230 3417 1395 3502 generavit
1405 3415 1473 3480 filia
1482 3418 1619 3480 matrem
1626 3413 1729 3478 Mater
1758 3383 1887 3435 mmm

83 3552 135 3594 me
141 3532 254 3615 gennit
264 3553 339 3597 mox
347 3536 448 3598 mater
455 3532 700 3618 gigniturame'.
721 3530 860 3596 Alterius
868 3532 936 3598 folii
942 3533 1098 3597 rationem
1105 3533 1362 3618 quaedeclarent,
1377 3530 1539 3597 sufficiant
1545 3528 1729 3595 haectflunt

82 3648 239 3733 quaedam
251 3648 365 3732 quibus
378 3651 427 3713 est
437 3649 544 3734 gravis
554 3652 701 3713 accentus
713 3647 804 3732 quasi
816 3649 923 3712 nullus
934 3647 980 3713 Ut
990 3649 1187 3734 conjunctive
1200 3651 1331 3713 voceset
1340 3646 1546 3733 postpositive
1556 3646 1662 3711 Dictio
1678 3647 1729 3710 cui

81 3768 210 3830 tantum
232 3764 348 3850 duplex
370 3767 418 3831 est
439 3764 553 3831 sillaba
582 3767 688 3830 servat
710 3763 889 3831 Accentum
917 3787 1011 3850 super
1038 3764 1176 3850 primam
1203 3765 1246 3830 sit
1268 3765 1366 3850 longa
1395 3763 1547 3843 brevisve,
1578 3766 1690 3828 cetera
1703 3759 1729 3845 2)

190 3967 212 4038 ¹)
230 3969 334 4026 Annot
352 3968 383 4001 *⁸
401 3968 465 4023 Jam
483 3967 659 4039 scripseram,
679 3984 751 4037 quae
770 3984 857 4039 supra
873 3966 980 4038 legisti,
999 3986 1063 4023 cum
1085 3969 1115 4023 in
1133 3969 1259 4022 mentem
1283 3966 1355 4022 mihi
1378 3967 1459 4023 venit
1480 3965 1548 4021 libri
1567 3965 1609 4021 ab·
1621 3966 1730 4036 optimo

81 4060 166 4129 patre
184 4058 253 4114 olim
264 4057 360 4114 relicti
378 4057 485 4113 ‘Tertia
502 4060 532 4113 et
549 4057 589 4111 4²·
605 4059 702 4128 partes
719 4054 885 4113 doctrinalis
901 4056 1033 4126 magistri
1045 4056 1210 4113 Alexandri*
1230 4059 1298 4121 etc.;
1315 4056 1346 4110 in
1360 4059 1484 4112 extremo
1496 4055 1569 4111 libro
1581 4054 1729 4124 inscriptio

80 4147 223 4218 repetitur
248 4147 300 4202 sic:
319 4146 483 4202 ‘Alexandri
507 4144 685 4217 grammatici
704 4145 760 4200 duc
781 4147 878 4215 partes
901 4143 948 4198 8²¹·
970 4145 1106 4202 videlicet
1129 4150 1158 4202 et
1179 4146 1220 4200 4²·
1242 4147 1345 4201 finiunt
1368 4144 1492 4202 feliciter
1513 4144 1652 4215 Impresse
1677 4158 1748 4214 per·

80 4237 236 4294 Heuricum
255 4237 374 4307 owart
390 4236 422 4290 in
441 4238 540 4292 sancta
558 4235 674 4291 civitate
693 4233 859 4290 Coloniensi*
879 4231 927 4302 (ad
944 4252 1047 4291 nomen
1064 4236 1239 4307 typographi
1257 4253 1342 4290 manu
1366 4235 1458 4306 patris
1475 4235 1532 4290 mei
1553 4231 1728 4302 adscriptum

80 4328 138 4381 estc
159 4325 240 4381 ‘vixit
258 4324 318 4380 Sec.
336 4324 397 4394 XV,
416 4323 516 4394 extr.').
553 4324 613 4381 Hoc
630 4323 710 4379 libro
735 4325 764 4378 et
789 4322 903 4391 quidem
926 4324 966 4376 42·
985 4325 1149 4382 doctrinali·
1172 4327 1254 4395 perta
1277 4324 1379 4388 omnia,
1402 4338 1476 4393 quac
1500 4322 1585 4378 litera
1603 4320 1638 4391 α)
1655 4338 1727 4376 com·

79 4414 182 4485 plexus
207 4431 277 4477 sum,
302 4413 490 4477 continentur,
508 4412 543 4468 cf.
562 4412 627 4466 2¹¹⁸m
643 4411 780 4482 pagiuam
797 4410 848 4464 pes
867 4414 957 4481 partis
983 4413 1149 4469 doctrinalis
1167 4416 1196 4469 et
1215 4411 1355 4468 decimam
1374 4412 1411 4467 ab
1430 4415 1565 4468 extrema.
1602 4408 1678 4476 Quae
1697 4409 1727 4463 in

79 4503 218 4573 impresso
236 4501 310 4558 libro
328 4502 412 4558 aliter
429 4501 564 4572 leguntur
582 4505 669 4571 atque
686 4501 717 4556 in
735 4499 812 4557 loliis
830 4499 864 4570 α)
882 4498 978 4556 omnia
994 4499 1050 4553 huc
1069 4498 1154 4554 affere
1171 4498 1244 4554 nolo.
1280 4496 1325 4550 hd
1343 4497 1406 4552 sola
1423 4496 1519 4565 verba,
1543 4510 1617 4565 quae
1642 4512 1730 4564 supra

79 4590 227 4662 exscripsi,
245 4607 336 4661 panca
354 4591 436 4648 addo.
472 4592 540 4647 Post
559 4589 693 4647 ‘Gracina’
713 4588 854 4660 (gratius),
874 4605 891 4643 a
909 4605 963 4658 quo
981 4587 1118 4644 vocabulo
1136 4585 1269 4642 librarius
1288 4585 1354 4642 novi
1378 4585 1443 4642 folii
1468 4584 1614 4643 exordium
1637 4582 1727 4647 duxit,
