3900 5272
816 195 1069 266 -17-

112 400 360 486 cumscriptione
383 401 564 487 procedens.
587 400 690 467 Locus
715 407 821 467 autem
853 404 888 469 in
914 424 951 468 eo
980 403 1063 486 quod
1090 404 1176 488 capit
1202 409 1251 470 est
1277 410 1309 470 et
1338 405 1575 476 circumscribit.
1609 407 1668 473 Est
1692 428 1767 494 ergo

111 516 151 581 in
173 517 242 581 loco
263 516 414 601 quicquid
436 539 456 581 a
477 518 548 582 loco
570 518 837 582 circumscribitur
859 523 891 583 et
913 517 1131 602 complectitur
1154 523 1212 585 etc.

223 630 345 700 XVIII
369 631 442 696 Duo
464 631 542 696 folia
579 633 782 697 membranas
804 635 900 718 paulo
922 634 994 718 plus
1026 635 1068 696 20
1096 635 1282 698 centesimas
1306 635 1380 712 alta,
1423 636 1488 700 fere
1513 637 1554 700 16
1578 637 1654 715 lata,
1678 637 1768 702 XV¹¹¹¹
1808 660 1849 703 (ιιι
1849 661 1915 703 ama

112 746 234 811 saeculi
256 744 342 830 (Sch.
367 746 430 827 a).
456 744 540 810 Olim
563 752 672 831 partes
695 748 825 813 filerunt
848 748 938 813 lexici
962 770 1018 832 per
1047 749 1213 813 lItsrarum
1235 750 1376 815 ordinem
1400 750 1526 836 digesti.
1572 751 1660 827 Quae
1683 775 1768 817 nune
1798 802 1833 844 m
1830 731 1928 855 ¹⁸²¹&

112 860 260 945 reliquae
282 867 359 925 sunt
380 862 604 926 vocabulorum
629 861 917 946 interpretationes,
941 886 980 928 ex
1003 862 1096 928 litera
1117 863 1171 927 D
1162 885 1196 926 m
1218 864 1322 948 priore
1344 864 1432 943 felic,
1456 887 1494 928 ex
1516 866 1618 930 literis
1641 864 1663 929 S
1686 868 1768 932 etT

112 977 152 1040 in
175 976 286 1054 altero,
311 976 363 1041 his
386 977 537 1062 exemplis
559 977 771 1044 illustrentur:
795 980 960 1062 dycmedes
975 978 1014 1042 de
1037 999 1100 1061 quo
1122 977 1156 1041 in
1175 978 1260 1062 spclo
1283 979 1422 1062 (speculo
1438 978 1600 1044 Vincentii
1622 981 1767 1046 Bellova-

113 1091 250 1175 censist)
274 1090 469 1176 archipirata
495 1092 625 1175 qnidam
647 1091 719 1156 fuit.
744 1093 838 1176 dycta
871 1099 900 1158 te
928 1097 977 1156 est
998 1114 1054 1157 vos
1082 1092 1245 1156 urnarium
1261 1093 1339 1156 duas
1361 1116 1453 1157 ansas
1466 1094 1515 1159 vel
1543 1117 1633 1159 aures
1647 1096 1768 1160 habens

114 1228 136 1269 a
158 1206 222 1291 dya
244 1205 316 1289 (sic)
338 1206 423 1289 quod
444 1208 494 1269 est
516 1205 578 1269 duo
599 1209 631 1270 et
654 1211 708 1270 ota
740 1207 824 1270 auu's
846 1208 960 1272 annuit
982 1207 1024 1290 (ι)
1046 1206 1129 1270 idem
1152 1207 1249 1270 etiam
1272 1207 1435 1291 amphora.
1460 1211 1624 1292 dpotrepes
1640 1213 1699 1292 pis
1714 1233 1767 1292 pe.

113 1321 266 1404 cognitus
290 1321 420 1404 quidam
444 1320 646 1384 heresiarcha
670 1321 857 1406 (significari
883 1322 1007 1386 ridetur
1034 1321 1132 1399 idem,
1163 1321 1201 1384 de
1225 1343 1288 1404 quo
1311 1323 1503 1387 mentionem
1526 1324 1603 1389 fecit
1632 1325 1767 1390 Ioannes

113 1435 317 1519 evangelista
338 1457 386 1520 ep.
410 1434 460 1499 III
484 1458 514 1501 v.
539 1433 584 1521 9).
609 1436 796 1518 dyoaolares
811 1436 860 1501 vel
875 1436 1009 1521 dyonole
1024 1436 1074 1500 vel
1089 1435 1260 1499 dionoltres
1272 1436 1498 1519 (dionolatresa
1514 1436 1703 1519 atarptdsr,
1725 1459 1767 1509 ιες

114 1547 250 1621 Διώνης,
270 1550 311 1615 cf.
330 1549 447 1615 Herod.
472 1551 497 1628 I,
524 1550 599 1632 199)
615 1550 766 1615 dicuntur
788 1551 938 1615 vilissime
961 1551 1106 1616 mulieres
1129 1551 1319 1615 meretrices.
1344 1557 1376 1615 et
1405 1574 1443 1614 ex
1465 1553 1560 1616 litera
1582 1551 1617 1616 S:
1632 1553 1768 1619 Sastollo

113 1665 169 1728 llis
191 1664 304 1730 sustuli
335 1666 499 1730 sublatum
526 1670 574 1728 est
597 1688 721 1729 sursum
745 1666 854 1730 tollere
878 1667 997 1730 elevare
1020 1666 1176 1730 sustinere
1198 1665 1385 1755 praesidiari
1408 1666 1579 1751 suffragari
1602 1678 1660 1731 etc.

210 1778 289 1843 XIX
317 1800 467 1844 numerus
499 1780 643 1844 continet
674 1781 752 1844 duas
783 1779 951 1865 plagellas,
984 1802 1064 1845 saec.
1088 1779 1166 1844 XIV
1190 1778 1275 1862 (Sch.
1300 1779 1364 1865 a),
1389 1782 1520 1844 30—32
1551 1804 1576 1846 c.
1610 1804 1641 1866 p.
1674 1783 1766 1861 latas,
1790 1806 1936 1849 cremanus·

117 1897 253 1959 22-23
277 1894 370 1972 altas,
396 1895 510 1978 quibus
534 1895 743 1980 grammatica
767 1901 938 1980 praecepta
959 1895 1140 1973 traduntur,
1174 1899 1211 1958 ut
1239 1894 1281 1959 ‘de
1305 1895 1408 1959 verbis
1439 1896 1670 1980 deponentibus
1692 1897 1765 1962 hoc:
1781 1879 1941 1989 ,(ᾜῇ

115 2009 167 2073 Τιι
189 2009 346 2074 misereris
375 2015 407 2075 et
439 2010 577 2094 opitulor
599 2031 713 2093 sequor
753 2011 862 2074 addito
892 2032 1000 2075 vescor
1029 2010 1163 2094 Largior
1194 2011 1337 2094 experior
1371 2033 1479 2076 vereor
1510 2033 1617 2074 ruoror
1647 2014 1768 2076 osculor
1834 2016 1887 2058 ‘¹³¹²

115 2128 205 2188 ortcr
228 2124 262 2207 (i.
288 2145 315 2188 e.
338 2123 471 2207 hortor).
496 2124 535 2189 Ιιι
558 2125 716 2209 superiore
739 2127 881 2210 margine
904 2126 1042 2191 eiusdem
1058 2125 1193 2210 paginae
1216 2126 1294 2189 haee
1318 2127 1444 2211 appicta
1467 2131 1557 2190 sunt:
1582 2125 1660 2191 ‘Hac
1682 2148 1767 2192 com·

115 2238 327 2303 munissent
349 2239 446 2304 activi
470 2240 670 2324 passimque!
702 2276 742 2287 -
773 2239 988 2325 Agglutinata
1011 2240 1072 2304 fuit
1094 2239 1143 2303 his
1165 2242 1358 2305 membranis
1394 2241 1521 2318 charta,
1554 2240 1653 2306 literis
1687 2263 1766 2305 saec.

116 2351 206 2417 ΧΨ
227 2354 392 2437 inscripta,
416 2353 504 2418 cuius
525 2354 742 2438 fragmentum
765 2354 958 2440 discerptum
982 2355 1066 2437 quod
1088 2358 1188 2418 restat
1218 2356 1257 2418 ad
1279 2357 1387 2420 literas
1410 2378 1514 2421 sacras
1537 2363 1696 2440 spectasse
1720 2357 1768 2421 vi·

115 2470 219 2547 detur,
242 2490 315 2533 cum
337 2469 375 2533 de
398 2468 524 2533 Herode
547 2490 620 2554 rege
643 2490 746 2534 sermo
769 2468 838 2546 fiat,
862 2471 917 2553 qui
942 2469 1075 2534 saltanti
1105 2470 1229 2554 puellae
1252 2474 1348 2554 eaput
1374 2470 1503 2535 Ioannis
1527 2472 1723 2535 concesserit.

223 2583 286 2649 XX
307 2583 529 2668 complectitur
550 2606 649 2648 unum
672 2583 783 2647 folium
805 2584 1053 2662 membraneum,
1077 2606 1157 2650 saec.
1183 2582 1271 2648 ΧΨ
1295 2583 1379 2666 (Sch.
1393 2590 1426 2650 et
1438 2585 1508 2668 a),
1540 2588 1581 2651 32
1606 2587 1671 2651 fere
1693 2607 1767 2650 cen·
1789 2607 1933 2650 caumana

114 2700 247 2765 tesImas
276 2699 389 2776 latum,
423 2699 519 2783 paulo
547 2699 653 2762 minus
687 2699 729 2761 20
756 2699 802 2762 alt
788 2702 867 2774 tum
902 2704 935 2763 et
968 2700 1104 2764 alterum
1125 2700 1238 2764 folium
1259 2701 1352 2764 valde
1368 2700 1526 2778 mutilum,
1545 2722 1624 2766 saec.
1650 2700 1748 2765 XIV¹¹²
1729 2699 1758 2733 ¹¹²¹
1759 2679 1941 2790 ,imm
1919 2680 1942 2722 ⁰⁸

116 2816 160 2879 21
185 2815 297 2878 feroc.
323 2815 482 2898 pallum,
509 2816 618 2879 7-13
642 2814 751 2879 latum.
776 2813 881 2879 Maius
904 2814 984 2877 illud
1005 2813 1223 2898 fragmentum
1246 2814 1279 2876 in
1303 2815 1364 2877 duo
1388 2814 1464 2878 folia
1498 2815 1659 2879 octonaria
1681 2836 1767 2879 com·
1794 2817 1926 2869 mamas-

117 2929 272 3014 plicatum
295 2933 447 3012 quattuor
469 2930 605 3013 paginas
628 2931 760 3014 praebet
782 2928 997 3013 grammaticis
1025 2929 1201 3013 praeceptis
1231 2929 1415 3013 inscriptas,
1452 2935 1503 2994 ut:
1552 2929 1621 2993 ‘Em
1652 2934 1767 3013 quarto

116 3044 253 3123 dabitur,
277 3043 390 3127 quinto
411 3042 527 3125 [dabis]
551 3066 594 3122 es,
619 3044 742 3108 solete
766 3045 841 3107 dare
865 3066 919 3106 sex
921 3043 1079 3108 totPrimo
1104 3044 1220 3127 plurali
1243 3043 1354 3108 damus
1378 3066 1411 3108 es
1434 3045 1575 3127 qu1vult
1600 3044 1660 3108 sibi
1675 3044 1767 3108 subdi

117 3158 275 3234 Quartum
298 3178 371 3223 cum
394 3159 507 3242 quinto
529 3159 650 3223 tribues
674 3180 763 3222 erum
785 3159 928 3243 genitivo
950 3158 1077 3222 Tertius
1100 3162 1133 3223 et
1155 3163 1264 3224 sextus
1284 3181 1406 3243 semper
1422 3159 1601 3223 formantur
1615 3160 1648 3222 in
1668 3161 1765 3224 ebus’

115 3274 166 3338 De
187 3273 310 3338 minore
332 3272 512 3358 fragmento
535 3273 697 3338 sufficiant
727 3278 880 3356 quattuor
913 3273 1046 3337 extremi
1074 3295 1182 3338 versus
1211 3274 1306 3338 unius
1332 3274 1484 3358 paginae:
1516 3275 1588 3339 ‘Ast
1615 3274 1765 3339 echatou-

115 3389 245 3455 tarchus
267 3412 324 3454 seu
348 3390 395 3454 vis
418 3388 563 3455 centurio
586 3392 713 3453 centum
730 3388 872 3452 Possidet
895 3391 945 3451 ast
967 3387 1053 3454 mille
1076 3410 1138 3472 que
1161 3388 1312 3453 ciliareha
1334 3393 1424 3452 tenet
1439 3388 1597 3454 Ecclesiae
1621 3396 1711 3474 pater
1734 3393 1767 3455 et

116 3506 264 3591 princeps
287 3504 472 3590 patriarcha
494 3508 625 3569 vocatur
647 3503 793 3588 Namque
817 3507 909 3587 pater
932 3507 1059 3586 patrum
1080 3503 1195 3567 dicitur
1216 3503 1270 3568 ille
1294 3508 1405 3588 pater.'

223 3618 311 3687 XXI.
335 3619 408 3685 Duo
430 3619 508 3684 folia
542 3619 744 3683 membranea
766 3618 862 3703 paulo
884 3619 955 3702 plus
979 3619 1022 3681 28
1045 3619 1234 3683 centesimas
1257 3619 1332 3697 alta,
1368 3618 1599 3697 21-221ata,
1634 3620 1686 3684 hie
1701 3619 1766 3684 illic
1801 3645 1920 3698 amaa·

113 3737 266 3815 lacerata,
289 3756 370 3804 saec.
394 3733 494 3827 ΧΨ,
517 3734 625 3799 multis
648 3734 843 3818 compendiis
866 3734 986 3817 scripta
1007 3737 1176 3818 praecepta
1198 3734 1409 3798 astronomiae
1430 3735 1572 3798 madunt.
1608 3735 1766 3810 Quattuor
1787 3717 1940 3759 neruosas

114 3850 310 3938 paginarum
332 3851 417 3916 binis
428 3851 584 3916 columnis
600 3854 801 3914 exstaturum
817 3871 902 3912 nunc
913 3848 978 3912 fera
1005 3849 1086 3911 duae
1108 3848 1171 3933 legi
1182 3853 1323 3933 possunt.
1348 3848 1488 3924 Quarum
1501 3850 1678 3934 exemplum
1694 3870 1765 3913 eum

114 3966 351 4051 descripsissem
374 3966 467 4030 etde
491 3969 678 4050 argumento
700 3964 782 4028 nihil
805 3964 1008 4048 collegissem,
1031 3963 1095 4026 nisi
1118 3963 1338 4027 ascensionum
1360 3964 1643 4048 computandorum
1665 3963 1765 4027 ratio-

114 4104 190 4147 nem
212 4081 307 4160 tradi,
336 4078 515 4165 Oppelium,
539 4080 692 4165 collegam
715 4078 921 4155 carissimum,
946 4077 1204 4141 mathematicum
1228 4077 1322 4142 huius
1340 4079 1508 4163 gymnasii,
1532 4078 1685 4156 consului,
1709 4077 1765 4161 qui

113 4196 268 4279 anonymi
291 4201 464 4281 praecepta
487 4196 656 4258 secundum
680 4217 754 4259 snae
778 4192 855 4258 artis
876 4193 961 4278 leges
985 4192 1192 4258 examinaret.
1232 4192 1460 4258 Doctissimam
1482 4194 1549 4257 eius
1572 4193 1763 4277 disputatio·

113 4332 191 4376 nem
212 4310 373 4397 integram
396 4330 553 4395 exponere
575 4309 692 4374 finibus
714 4309 810 4372 huius
833 4307 934 4372 libelli
955 4308 1076 4372 vetitus
1099 4329 1257 4371 summam
1288 4308 1332 4372 rei
1357 4307 1407 4371 his
1430 4308 1534 4372 verbis
1557 4308 1762 4391 complector:

112 4426 219 4492 Docet
241 4448 417 4511 anonymus
440 4424 607 4503 rationem,
632 4446 695 4507 qua
718 4423 983 4488 rectascensiones
1015 4422 1094 4506 (sive
1117 4422 1313 4487 differentias
1335 4421 1636 4505 rectascensionum)
1660 4420 1764 4486 cuius·

112 4542 196 4609 libet
205 4562 298 4608 arcus
321 4541 481 4627 ecliptiees
503 4539 717 4623 computes,si
740 4538 906 4623 longitudo
921 4542 1120 4622 punctorum,
1145 4537 1260 4620 quibus
1294 4558 1384 4599 arcus
1417 4537 1578 4620 utrimque
1604 4536 1762 4616 definitur,

1500 4642 1516 4695 3
